
@article{rathnayaka_quantification_2012,
	title = {Quantification of the accuracy of {MRI} generated {3D} models of long bones compared to {CT} generated {3D} models},
	volume = {34},
	copyright = {https://www.elsevier.com/tdm/userlicense/1.0/},
	issn = {13504533},
	url = {https://linkinghub.elsevier.com/retrieve/pii/S1350453311001925},
	doi = {10.1016/j.medengphy.2011.07.027},
	language = {en},
	number = {3},
	urldate = {2024-05-15},
	journal = {Medical Engineering \& Physics},
	author = {Rathnayaka, Kanchana and Momot, Konstantin I. and Noser, Hansrudi and Volp, Andrew and Schuetz, Michael A. and Sahama, Tony and Schmutz, Beat},
	month = apr,
	year = {2012},
	pages = {357--363},
	file = {Submitted Version:/home/aayush/Zotero/storage/MGXMEI7U/Rathnayaka et al. - 2012 - Quantification of the accuracy of MRI generated 3D.pdf:application/pdf},
}
