@article{MAL-016,
url = {http://dx.doi.org/10.1561/2200000016},
year = {2011},
volume = {3},
journal = {Foundations and TrendsÂ® in Machine Learning},
title = {Distributed Optimization and Statistical Learning via the Alternating Direction Method of Multipliers},
doi = {10.1561/2200000016},
issn = {1935-8237},
number = {1},
pages = {1-122},
author = {Stephen Boyd and Neal Parikh and Eric Chu and Borja Peleato and Jonathan Eckstein}
}