
@article{brisson_repeatability_2024,
	title = {Repeatability of knee joint motion during different load/speed protocols performed using a specialized device for dynamic magnetic resonance imaging},
	volume = {32},
	issn = {10634584},
	url = {https://linkinghub.elsevier.com/retrieve/pii/S1063458424005648},
	doi = {10.1016/j.joca.2024.02.519},
	pages = {S354--S355},
	journaltitle = {Osteoarthritis and Cartilage},
	shortjournal = {Osteoarthritis and Cartilage},
	author = {Brisson, Nicholas M. and Oliveira, João F. and Krämer, Martin and Reichenbach, Jürgen R. and Duda, Georg},
	urldate = {2024-05-25},
	date = {2024-04},
	langid = {english},
}
