
@article{canny_computational_1986,
	title = {A Computational Approach to Edge Detection},
	volume = {{PAMI}-8},
	issn = {0162-8828},
	url = {https://ieeexplore.ieee.org/document/4767851},
	doi = {10.1109/TPAMI.1986.4767851},
	pages = {679--698},
	number = {6},
	journaltitle = {{IEEE} Transactions on Pattern Analysis and Machine Intelligence},
	shortjournal = {{IEEE} Trans. Pattern Anal. Mach. Intell.},
	author = {Canny, John},
	urldate = {2024-02-18},
	date = {1986-11},
}
