
@article{samet_efficient_1988,
	title = {Efficient component labeling of images of arbitrary dimension represented by linear bintrees},
	volume = {10},
	copyright = {https://ieeexplore.ieee.org/Xplorehelp/downloads/license-information/IEEE.html},
	issn = {01628828},
	url = {http://ieeexplore.ieee.org/document/3918/},
	doi = {10.1109/34.3918},
	number = {4},
	urldate = {2024-05-13},
	journal = {IEEE Transactions on Pattern Analysis and Machine Intelligence},
	author = {Samet, H. and Tamminen, M.},
	month = jul,
	year = {1988},
	pages = {579--586},
}
