
@book{de_boor_practical_1978,
	location = {New York, {NY}},
	title = {A Practical Guide to Splines},
	volume = {27},
	rights = {http://www.springer.com/tdm},
	isbn = {978-0-387-90356-9 978-1-4612-6333-3},
	url = {http://link.springer.com/10.1007/978-1-4612-6333-3},
	series = {Applied Mathematical Sciences},
	publisher = {Springer New York},
	author = {De Boor, Carl},
	editorb = {Marsden, J. E. and Sirovich, L.},
	editorbtype = {redactor},
	urldate = {2024-09-22},
	date = {1978},
	doi = {10.1007/978-1-4612-6333-3},
}
