
@article{dunning_fully_2023,
	title = {Fully automatic extraction of knee kinematics from dynamic {CT} imaging; normative tibiofemoral and patellofemoral kinematics of 100 healthy volunteers},
	volume = {41},
	issn = {09680160},
	url = {https://linkinghub.elsevier.com/retrieve/pii/S0968016022002216},
	doi = {10.1016/j.knee.2022.12.011},
	pages = {9--17},
	journaltitle = {The Knee},
	shortjournal = {The Knee},
	author = {Dunning, Hans and Van De Groes, S.A.W. and Buckens, C.F. and Prokop, Mathias and Verdonschot, Nico and Janssen, Dennis},
	urldate = {2024-06-09},
	date = {2023-03},
	langid = {english},
	file = {Full Text:C\:\\Users\\Aayush\\Zotero\\storage\\FAUDQMX5\\Dunning et al. - 2023 - Fully automatic extraction of knee kinematics from.pdf:application/pdf},
}
