
@article{egloff_biomechanics_2012,
	title = {Biomechanics and pathomechanisms of osteoarthritis},
	issn = {1424-7860, 1424-3997},
	url = {https://smw.ch/index.php/smw/article/view/1523},
	doi = {10.4414/smw.2012.13583},
	journaltitle = {Swiss Medical Weekly},
	shortjournal = {Swiss Med Wkly},
	author = {Egloff, C and HÃ¼gle, T and Valderrabano, V},
	urldate = {2024-05-26},
	date = {2012-07-19},
	langid = {english},
	file = {Full Text:C\:\\Users\\Aayush\\Zotero\\storage\\QT8ZJ84I\\Egloff et al. - 2012 - Biomechanics and pathomechanisms of osteoarthritis.pdf:application/pdf},
}
