
@article{blankevoort_envelope_1988,
	title = {The envelope of passive knee joint motion},
	volume = {21},
	rights = {https://www.elsevier.com/tdm/userlicense/1.0/},
	issn = {00219290},
	url = {https://linkinghub.elsevier.com/retrieve/pii/0021929088902801},
	doi = {10.1016/0021-9290(88)90280-1},
	pages = {705--720},
	number = {9},
	journaltitle = {Journal of Biomechanics},
	shortjournal = {Journal of Biomechanics},
	author = {Blankevoort, L. and Huiskes, R. and De Lange, A.},
	urldate = {2024-05-20},
	date = {1988-01},
	langid = {english},
	file = {Submitted Version:C\:\\Users\\Aayush\\Zotero\\storage\\6MYUNVU7\\Blankevoort et al. - 1988 - The envelope of passive knee joint motion.pdf:application/pdf},
}
