
@article{haase_flash_1986,
	title = {{FLASH} imaging. {Rapid} {NMR} imaging using low flip-angle pulses},
	volume = {67},
	copyright = {https://www.elsevier.com/tdm/userlicense/1.0/},
	issn = {00222364},
	url = {https://linkinghub.elsevier.com/retrieve/pii/0022236486904336},
	doi = {10.1016/0022-2364(86)90433-6},
	language = {en},
	number = {2},
	urldate = {2024-04-19},
	journal = {Journal of Magnetic Resonance (1969)},
	author = {Haase, A and Frahm, J and Matthaei, D and Hanicke, W and Merboldt, K.-D},
	month = apr,
	year = {1986},
	pages = {258--266},
}
