
@article{haug_dynamic_2017,
	title = {Dynamic {MRI} Assessment of Normal Knee Kinematics},
	volume = {03},
	issn = {24718416},
	url = {http://orthopedics.imedpub.com/dynamic-mri-assessment-of-normal-knee-kinematics.php?aid=21119},
	doi = {10.4172/2471-8416.100041},
	number = {3},
	journaltitle = {Journal of Clinical \& Experimental Orthopaedics},
	shortjournal = {J Clin Exp Orthop},
	author = {Haug, Lukas and Weber, Daniel L and Haddad, Daniel and Bohm, Patrick and Rudert, Maximilian and Nedopil, Alexander J},
	urldate = {2024-06-09},
	date = {2017},
	file = {Full Text:C\:\\Users\\Aayush\\Zotero\\storage\\762D5KCT\\Haug et al. - 2017 - Dynamic MRI Assessment of Normal Knee Kinematics.pdf:application/pdf},
}
