
@article{heath_robust_1997,
	title = {A robust visual method for assessing the relative performance of edge-detection algorithms},
	volume = {19},
	rights = {https://ieeexplore.ieee.org/Xplorehelp/downloads/license-information/{IEEE}.html},
	issn = {0162-8828, 2160-9292},
	url = {http://ieeexplore.ieee.org/document/643893/},
	doi = {10.1109/34.643893},
	pages = {1338--1359},
	number = {12},
	journaltitle = {{IEEE} Transactions on Pattern Analysis and Machine Intelligence},
	shortjournal = {{IEEE} Trans. Pattern Anal. Mach. Intell.},
	author = {Heath, M.D. and Sarkar, S. and Sanocki, T. and Bowyer, K.W.},
	urldate = {2024-05-29},
	date = {1997-12},
}
