
@article{hull_coordinate_2020,
	title = {Coordinate system requirements to determine motions of the tibiofemoral joint free from kinematic crosstalk errors},
	volume = {109},
	issn = {00219290},
	url = {https://linkinghub.elsevier.com/retrieve/pii/S0021929020303511},
	doi = {10.1016/j.jbiomech.2020.109928},
	pages = {109928},
	journaltitle = {Journal of Biomechanics},
	shortjournal = {Journal of Biomechanics},
	author = {Hull, Maury L.},
	urldate = {2024-06-15},
	date = {2020-08},
	langid = {english},
}
