
@article{johal_tibio-femoral_2005,
	title = {Tibio-femoral movement in the living knee. A study of weight bearing and non-weight bearing knee kinematics using ‘interventional’ {MRI}},
	volume = {38},
	rights = {https://www.elsevier.com/tdm/userlicense/1.0/},
	issn = {00219290},
	url = {https://linkinghub.elsevier.com/retrieve/pii/S0021929004000855},
	doi = {10.1016/j.jbiomech.2004.02.008},
	pages = {269--276},
	number = {2},
	journaltitle = {Journal of Biomechanics},
	shortjournal = {Journal of Biomechanics},
	author = {Johal, P. and Williams, A. and Wragg, P. and Hunt, D. and Gedroyc, W.},
	urldate = {2024-06-09},
	date = {2005-02},
	langid = {english},
	file = {Johal et al. - 2005 - Tibio-femoral movement in the living knee. A study.pdf:C\:\\Users\\Aayush\\Zotero\\storage\\NIIQMQZF\\Johal et al. - 2005 - Tibio-femoral movement in the living knee. A study.pdf:application/pdf},
}
