
@article{kaufman_gait_2001,
	title = {Gait characteristics of patients with knee osteoarthritis},
	volume = {34},
	rights = {https://www.elsevier.com/tdm/userlicense/1.0/},
	issn = {00219290},
	url = {https://linkinghub.elsevier.com/retrieve/pii/S0021929001000367},
	doi = {10.1016/S0021-9290(01)00036-7},
	pages = {907--915},
	number = {7},
	journaltitle = {Journal of Biomechanics},
	shortjournal = {Journal of Biomechanics},
	author = {Kaufman, Kenton R and Hughes, Christine and Morrey, Bernard F and Morrey, Michael and An, Kai-Nan},
	urldate = {2024-09-22},
	date = {2001-07},
	langid = {english},
}
