
@article{lansdown_reproducibility_2015,
	title = {Reproducibility measurements of three methods for calculating in vivo {MR}-based knee kinematics: Reliability of {MR}-Based Knee Kinematics},
	volume = {42},
	rights = {http://doi.wiley.com/10.1002/tdm\_license\_1.1},
	issn = {10531807},
	url = {https://onlinelibrary.wiley.com/doi/10.1002/jmri.24790},
	doi = {10.1002/jmri.24790},
	shorttitle = {Reproducibility measurements of three methods for calculating in vivo {MR}-based knee kinematics},
	pages = {533--538},
	number = {2},
	journaltitle = {Journal of Magnetic Resonance Imaging},
	shortjournal = {J. Magn. Reson. Imaging},
	author = {Lansdown, Drew A. and Zaid, Musa and Pedoia, Valentina and Subburaj, Karupppasamy and Souza, Richard and Benjamin, C. and Li, Xiaojuan},
	urldate = {2024-06-10},
	date = {2015-08},
	langid = {english},
	file = {Accepted Version:C\:\\Users\\Aayush\\Zotero\\storage\\QLPAQH24\\Lansdown et al. - 2015 - Reproducibility measurements of three methods for .pdf:application/pdf},
}
