
@article{mahmoudian_dynamic_2017,
	title = {Dynamic and static knee alignment at baseline predict structural abnormalities on {MRI} associated with medial compartment knee osteoarthritis after 2 years},
	volume = {57},
	issn = {09666362},
	url = {https://linkinghub.elsevier.com/retrieve/pii/S0966636217302060},
	doi = {10.1016/j.gaitpost.2017.05.024},
	pages = {46--51},
	journaltitle = {Gait \& Posture},
	shortjournal = {Gait \& Posture},
	author = {Mahmoudian, Armaghan and Van Die—ën, Jaap H. and Bruijn, Sjoerd M. and Baert, Isabel A.C. and Faber, Gert S. and Luyten, Frank P. and Verschueren, Sabine M.P.},
	urldate = {2024-06-11},
	date = {2017-09},
	langid = {english},
	file = {Full Text:C\:\\Users\\Aayush\\Zotero\\storage\\AY2FPSIG\\Mahmoudian et al. - 2017 - Dynamic and static knee alignment at baseline pred.pdf:application/pdf},
}
