
@book{westbrook_mri_2019,
	location = {Hoboken, {NJ} Chichester, West Sussex},
	edition = {Fifth Edition},
	title = {{MRI} in Practice},
	isbn = {978-1-119-39199-9 978-1-119-39196-8},
	abstract = {Basic principles -- Image weighting and contrast -- Spin echo pulse sequences -- Gradient echo pulse sequences -- Spatial encoding -- k-space -- Protocol optimization -- Artefacts -- Instrumentation -- {MRI} safety},
	pagetotal = {395},
	publisher = {Wiley Blackwell},
	author = {Westbrook, Catherine and Talbot, John},
	date = {2019},
	annotation = {Literaturangaben Auf dem Umschlag: with animations and more},
}
