
@article{kijowski_osteoarthritis_2020,
	title = {Osteoarthritis year in review 2019: imaging},
	volume = {28},
	issn = {10634584},
	url = {https://linkinghub.elsevier.com/retrieve/pii/S1063458419312968},
	doi = {10.1016/j.joca.2019.11.009},
	shorttitle = {Osteoarthritis year in review 2019},
	pages = {285--295},
	number = {3},
	journaltitle = {Osteoarthritis and Cartilage},
	shortjournal = {Osteoarthritis and Cartilage},
	author = {Kijowski, R. and Demehri, S. and Roemer, F. and Guermazi, A.},
	urldate = {2024-05-20},
	date = {2020-03},
	langid = {english},
	file = {Full Text:C\:\\Users\\Aayush\\Zotero\\storage\\5FMELLR2\\Kijowski et al. - 2020 - Osteoarthritis year in review 2019 imaging.pdf:application/pdf},
}
