
@book{jolliffe_principal_2004,
	location = {New York Berlin Heidelberg},
	edition = {2. ed., [Nachdr.]},
	title = {Principal component analysis},
	isbn = {978-0-387-95442-4},
	series = {Springer series in statistics},
	pagetotal = {487},
	publisher = {Springer},
	author = {Jolliffe, Ian T.},
	date = {2004},
	annotation = {Literaturverz. S. [415] - 457},
}
