
@article{postolka_interpretation_2022,
	title = {Interpretation of natural tibio-femoral kinematics critically depends upon the kinematic analysis approach: A survey and comparison of methodologies},
	volume = {144},
	issn = {00219290},
	url = {https://linkinghub.elsevier.com/retrieve/pii/S0021929022003475},
	doi = {10.1016/j.jbiomech.2022.111306},
	shorttitle = {Interpretation of natural tibio-femoral kinematics critically depends upon the kinematic analysis approach},
	pages = {111306},
	journaltitle = {Journal of Biomechanics},
	shortjournal = {Journal of Biomechanics},
	author = {Postolka, Barbara and Taylor, William R. and Dätwyler, Katrin and Heller, Markus O. and List, Renate and Schütz, Pascal},
	urldate = {2024-09-07},
	date = {2022-11},
	langid = {english},
}
