
@article{powers_evidence-based_2017,
	title = {Evidence-based framework for a pathomechanical model of patellofemoral pain: 2017 patellofemoral pain consensus statement from the 4th International Patellofemoral Pain Research Retreat, Manchester, {UK}: part 3},
	volume = {51},
	issn = {0306-3674, 1473-0480},
	url = {https://bjsm.bmj.com/lookup/doi/10.1136/bjsports-2017-098717},
	doi = {10.1136/bjsports-2017-098717},
	shorttitle = {Evidence-based framework for a pathomechanical model of patellofemoral pain},
	pages = {1713--1723},
	number = {24},
	journaltitle = {British Journal of Sports Medicine},
	shortjournal = {Br J Sports Med},
	author = {Powers, Christopher M and Witvrouw, Erik and Davis, Irene S and Crossley, Kay M},
	urldate = {2024-05-30},
	date = {2017-12},
	langid = {english},
	file = {Full Text:C\:\\Users\\Aayush\\Zotero\\storage\\CDKBQZTJ\\Powers et al. - 2017 - Evidence-based framework for a pathomechanical mod.pdf:application/pdf},
}
