
@article{segal_is_2011,
	title = {Is Quadriceps Muscle Weakness a Risk Factor for Incident or Progressive Knee Osteoarthritis?},
	volume = {39},
	issn = {0091-3847, 2326-3660},
	url = {http://www.tandfonline.com/doi/full/10.3810/psm.2011.11.1938},
	doi = {10.3810/psm.2011.11.1938},
	pages = {44--50},
	number = {4},
	journaltitle = {The Physician and Sportsmedicine},
	shortjournal = {The Physician and Sportsmedicine},
	author = {Segal, Neil A. and Glass, Natalie A.},
	urldate = {2024-05-20},
	date = {2011-11},
	langid = {english},
	file = {Full Text:C\:\\Users\\Aayush\\Zotero\\storage\\8TBBCMD3\\Segal and Glass - 2011 - Is Quadriceps Muscle Weakness a Risk Factor for In.pdf:application/pdf},
}
