
@article{tashman_kinematic_2008,
	title = {The Kinematic Basis of Anterior Cruciate Ligament Reconstruction},
	volume = {16},
	rights = {https://www.elsevier.com/tdm/userlicense/1.0/},
	issn = {10601872},
	url = {https://linkinghub.elsevier.com/retrieve/pii/S1060187208000555},
	doi = {10.1053/j.otsm.2008.10.005},
	pages = {116--118},
	number = {3},
	journaltitle = {Operative Techniques in Sports Medicine},
	shortjournal = {Operative Techniques in Sports Medicine},
	author = {Tashman, Scott and Kopf, Sebastian and Fu, Freddie H.},
	urldate = {2024-09-07},
	date = {2008-07},
	langid = {english},
	file = {Accepted Version:C\:\\Users\\Aayush\\Zotero\\storage\\HKE6SN5A\\Tashman et al. - 2008 - The Kinematic Basis of Anterior Cruciate Ligament .pdf:application/pdf},
}
