
@article{lenhart_prediction_2015,
	title = {Prediction and Validation of Load-Dependent Behavior of the Tibiofemoral and Patellofemoral Joints During Movement},
	volume = {43},
	issn = {0090-6964, 1573-9686},
	url = {http://link.springer.com/10.1007/s10439-015-1326-3},
	doi = {10.1007/s10439-015-1326-3},
	pages = {2675--2685},
	number = {11},
	journaltitle = {Annals of Biomedical Engineering},
	shortjournal = {Ann Biomed Eng},
	author = {Lenhart, Rachel L. and Kaiser, Jarred and Smith, Colin R. and Thelen, Darryl G.},
	urldate = {2024-05-20},
	date = {2015-11},
	langid = {english},
	file = {Accepted Version:C\:\\Users\\Aayush\\Zotero\\storage\\IN4UCZA8\\Lenhart et al. - 2015 - Prediction and Validation of Load-Dependent Behavi.pdf:application/pdf},
}
