
@article{yelin_burden_2016,
	title = {The burden of musculoskeletal diseases in the United States},
	volume = {46},
	issn = {00490172},
	url = {https://linkinghub.elsevier.com/retrieve/pii/S0049017216301445},
	doi = {10.1016/j.semarthrit.2016.07.013},
	pages = {259--260},
	number = {3},
	journaltitle = {Seminars in Arthritis and Rheumatism},
	shortjournal = {Seminars in Arthritis and Rheumatism},
	author = {Yelin, Edward and Weinstein, Stuart and King, Toby},
	urldate = {2024-05-20},
	date = {2016-12},
	langid = {english},
}
