
@online{noauthor_osteoarthritis_nodate,
	title = {Osteoarthritis},
	url = {https://www.who.int/news-room/fact-sheets/detail/osteoarthritis},
	urldate = {2024-05-25},
	file = {Osteoarthritis:C\:\\Users\\Aayush\\Zotero\\storage\\843JH8ZB\\osteoarthritis.html:text/html},
}
