
@unpublished{noauthor_notitle_nodate,
	url = {https://www.noras.de/en/mri-produkte/variety-16-ch-multipurpose-coil/#infos},
}
